% This file was created with JabRef 2.7.
% Encoding: Cp1252

@MISC{anonymous,
  author = {Author, N. N.},
  title = {Suppressed for Anonymity},
  year = {2011}
}

@BOOK{DudaHart2nd,
  title = {Pattern Classification},
  publisher = {John Wiley and Sons},
  year = {2000},
  author = {R. O. Duda and P. E. Hart and D. G. Stork},
  edition = {2nd}
}

@PHDTHESIS{kearns89,
  author = {M. J. Kearns},
  title = {Computational Complexity of Machine Learning},
  school = {Department of Computer Science, Harvard University},
  year = {1989}
}

@INPROCEEDINGS{langley00,
  author = {P. Langley},
  title = {Crafting Papers on Machine Learning},
  booktitle = {Proceedings of the 17th International Conference on Machine Learning
	(ICML 2000)},
  year = {2000},
  editor = {Pat Langley},
  pages = {1207--1216},
  address = {Stanford, CA},
  publisher = {Morgan Kaufmann}
}

@TECHREPORT{mitchell80,
  author = {T. M. Mitchell},
  title = {The Need for Biases in Learning Generalizations},
  institution = {Computer Science Department, Rutgers University},
  year = {1980},
  address = {New Brunswick, MA}
}

@INCOLLECTION{Newell81,
  author = {A. Newell and P. S. Rosenbloom},
  title = {Mechanisms of Skill Acquisition and the Law of Practice},
  booktitle = {Cognitive Skills and Their Acquisition},
  publisher = {Lawrence Erlbaum Associates, Inc.},
  year = {1981},
  editor = {J. R. Anderson},
  chapter = {1},
  pages = {1--51},
  address = {Hillsdale, NJ}
}

@ARTICLE{Samuel59,
  author = {A. L. Samuel},
  title = {Some Studies in Machine Learning Using the Game of Checkers},
  journal = {IBM Journal of Research and Development},
  year = {1959},
  volume = {3},
  pages = {211--229},
  number = {3}
}

@BOOK{MachineLearningI,
  title = {Machine Learning: An Artificial Intelligence Approach, Vol. I},
  publisher = {Tioga},
  year = {1983},
  editor = {R. S. Michalski and J. G. Carbonell and T. M. Mitchell},
  address = {Palo Alto, CA}
}

